@article{localizationSystem,
  title={A low cost vision based localization system using fiducial markers},
  author={Alan Mutka and Damjan Miklic and Ivica Draganjac and Stjepan Bogdan},
  journal={IFAC Proceedings Volumes},
  volume={41},
  number={2},
  pages={9528-9533},
  year={2008},
  publisher={Elsevier},
  doi={10.3182/20080706-5-KR-1001.01611}
}

@misc{astrobee2023,
  author = {NASA},
  title = {Astrobee Robot Software - Marker Tracking},
  year = {2023},
  url = {https://nasa.github.io/astrobee/v/develop/markertracking.html},
  note = {Zugriff am: [18.12.2024]}
}